@Article{ibge1,
  title = {PIB fica em -0.1pp no terceiro trimestre influenciado por queda na agropecuária},
  author = {Cristiane Crelier},
  year = {2021},
  month = {dezembro},
  day = {02},
  journal = {Instituto Brasileiro de Geografia e Estatística - IBGE},
  url = {https://agenciadenoticias.ibge.gov.br/agencia-noticias/2012-agencia-de-noticias/noticias/32387-pib-fica-em-0-1-no-terceiro-trimestre-influenciado-por-queda-na-agropecuaria},
}
