@misc{fecomercio1,
  title        = {Confiança e Intenção de Compra do Consumidor (ICC)},
  author       = {Francisco Estevam Martins Oliveira},
  url          = {https://www.fecomercio-ce.com.br/pesquisa/pesquisa-confianca-e-intencao-de-compra-do-consumidor/#},
  year         = {2020},
  note         = {Data de acesso: 16/12/2021}
}

@Article{consumogov,
  title = {Brasil: Consumo do Governo},
  author = {Rubens Penha Cysne},
  year = {2017},
  month = {agosto},
  journal = {Revista Conjuntura Econômica - FGV},
  url = {https://epge.fgv.br/users/rubens/wp-content/uploads/2017/08/brasil-consumo-do-governo.pdf},
}
